@ARTICLE{perea,
   author = {{Perea}, J.~A.},
    title = "{Multi-Scale Projective Coordinates via Persistent Cohomology of Sparse Filtrations}",
  journal = {ArXiv e-prints},
archivePrefix = "arXiv",
   eprint = {1612.02861},
 primaryClass = "math.AT",
 keywords = {Mathematics - Algebraic Topology, Computer Science - Computational Geometry},
     year = 2016,
    month = dec,
   url = {http://adsabs.harvard.edu/abs/2016arXiv161202861P},
  adsnote = {Provided by the SAO/NASA Astrophysics Data System}
}

@MISC{ufldl,
	author = {{Ng}, Andrew and {Ngiam}, Jiquan and {Foo}, Chuan Yu and {Mai}, Yifan and {Suen}, Caroline},
	title = "{UFLDL Tutorial}",
	year = 2013,
	url = {http://ufldl.stanford.edu/wiki/index.php/UFLDL_Tutorial}
}



@article{bae,
	author    = {Woong Bae and
	Jae Jun Yoo and
	Jong Chul Ye},
	title     = {Beyond Deep Residual Learning for Image Restoration: Persistent Homology-Guided
	Manifold Simplification},
	journal   = {CoRR},
	volume    = {abs/1611.06345},
	year      = {2016},
	url       = {http://arxiv.org/abs/1611.06345},
	timestamp = {Thu, 01 Dec 2016 19:32:08 +0100},
	biburl    = {http://dblp.uni-trier.de/rec/bib/journals/corr/BaeYY16},
	bibsource = {dblp computer science bibliography, http://dblp.org}
}

@inproceedings{he2014unsupervised,
	title={Unsupervised feature learning by deep sparse coding},
	author={He, Yunlong and Kavukcuoglu, Koray and Wang, Yun and Szlam, Arthur and Qi, Yanjun},
	booktitle={Proceedings of the 2014 SIAM International Conference on Data Mining},
	pages={902--910},
	year={2014},
	organization={SIAM}
}
